@InProceedings{RVCollaborative,
  author = {Eric Bodden and Laurie Hendren and Patrick Lam and Ond\v{r}ej Lhot{\’{a}}k and Nomair A. Naeem},
  title = {Collaborative runtime verification with tracematches},
  booktitle = {7th workshop on Runtime Verification at the 6th International Conference on Aspect-Oriented Software Development, March 13th 2006, Vancouver, Canada},
  volume = {4839},
  year = {2007},
  pages = {22–37},
  ISBN = {978-3-540-77394-8},
  note = {\download{bhl+07collaborative} \webpage{http://rtg.cis.upenn.edu/rv2007/}}
}