@InProceedings{BoddenETAL08ObjectRepresentatives,
  author =       {Eric Bodden and Patrick Lam and Laurie Hendren},
  title =        {Object Representatives: a uniform abstraction for pointer information},
  booktitle =      {Proceedings of the 1st International Academic Research Conference of the British Computer Society (Visions of Computer Science)},
  year =         {2008},
  pages =        {391--405}
}

