@InProceedings{bodden08:_findin_progr_error_earlier_by,
  author = 	 {Eric Bodden and Patrick Lam and Laurie Hendren},
  title = 	 {Finding Programming Errors Earlier by Evaluating Runtime Monitors Ahead-of-Time},
  booktitle = {Proceedings of the 16th ACM SIGSOFT International Symposium on the Foundations of Software Engineering},
  pages = 	 {36--47},
  year = 	 2008,
  address = 	 {Atlanta, Georgia},
  month = 	 {November}}

