@InProceedings{zarnett09:_findin_progr_error_earlier_by,
  author = 	 {Jeff Zarnett and Patrick Lam and Mahesh Tripunitara},
  title = 	 {Method-Specific Java Access Control via RMI Proxy Objects using Annotations (Short Paper)},
  booktitle = {Proceedings of the 5th International Conference on Information Systems Security},
  year = 	 2009,
  pages =        {301--309},
  address = 	 {Kolkata, India},
  month = 	 {December}}

