@InProceedings{demsky10:_views,
  author = 	 {Brian Demsky and Patrick Lam},
  title = 	 {Views: Object-Inspired Concurrency Control},
  booktitle = {Proceedings of the 32nd International Conference on Software Engineering (ICSE 2010)},
  pages = 	 {395--404},
  year = 	 2010,
  editor = 	 {Prem Devanbu and Sebastian Uchitel},
  address = 	 {Cape Town, South Africa},
  month = 	 {May}}

