@inproceedings{blh10clara,
	Keywords = {clara},
	Author = {Eric Bodden and Patrick Lam and Laurie Hendren},
	Booktitle = {1st International Conference on Runtime Verification (RV)},
	Month = nov,
	Pages = {74--88},
	Publisher = {Springer},
	Series = {LNCS},
	Title = {Clara: a Framework for Statically Evaluating Finite-state Runtime Monitors},
	Url = {http://www.bodden.de/pubs/blh10clara.pdf},
	Volume = {6418},
	Year = {2010}}


