@InProceedings{zarnett10:_role_based_acces_contr_rbac,
  author = 	 {Jeff Zarnett and Mahesh Tripunitara and Patrick Lam},
  title = 	 {Role-Based Access Control ({RBAC}) in Java via Proxy Objects using Annotations},
  booktitle = {Proceedings of the 15th ACM Symposium on Access Control Models and Technologies (SACMAT 2010)},
  pages = 	 {79--88},
  year = 	 2010,
  address = 	 {Pittsburgh, PA},
  month = 	 {June}}

