@Article{fischmeister10:_time_aware_instr_embed_softw,
  author = 	 {Sebastian Fischmeister and Patrick Lam},
  title = 	 {Time-Aware Instrumentation of Embedded Software},
  journal = 	 {IEEE Transactions on Industrial Informatics},
  year = 	 2010,
  volume = 	 6,
  number = 	 4,
  pages = 	 {652--663},
  month = 	 {November}}

