@InProceedings{lam11:_soot_java,
  author = 	 {Patrick Lam and Eric Bodden and Ond\v{r}ej Lhot\'ak and Laurie Hendren},
  title = 	 {The {Soot} framework for {Java} program analysis: a retrospective},
  booktitle = {Cetus Users and Compiler Infrastructure Workshop},
  year = 	 2011,
  month = 	 {October},
  address = 	 {Galveston Island, TX}}

