@InProceedings{eyolfson11:_do_time_day_devel_exper,
  author = 	 {Jon Eyolfson and Lin Tan and Patrick Lam},
  title = 	 {Do Time of Day and Developer Experience Affect Commit Bugginess?},
  booktitle = {Proceedings of the 8th International Working Conference on Mining Software Repositories},
  pages = 	 {153--162},
  year = 	 2011,
  address = 	 {Waikiki, Honolulu, HI},
  month = 	 {May}}

