@InProceedings{eyolfson13:_detec_unread_memor_dynam_binar_trans,
  author =  {Jon Eyolfson and Patrick Lam},
  title =  {Detecting Unread Memory using Dynamic Binary Translation},
  booktitle = {3rd International Conference on Runtime Verification},
  pages =  {49--63},
  year =  2013,
  editor =  {Shaz Qadeer and Serdar Tasiran},
  volume =  7687,
  series =  {Lecture Notes in Computer Science},
  address =  {Istanbul, Turkey},
  month =  {September}}