@InProceedings{chu12:_collec_disjoin_analy,
  author = 		 {Hang Chu and Patrick Lam},
  title = 		 {Collection Disjointness Analysis},
  booktitle = {Proceedings of the ACM SIGPLAN International Workshop on State of the Art in Java Program analysis},
  pages = 	 {45--50},
  numpages =     6,
  doi =          {10.1145/2259051.2259058},
  acmid =        2259058,
  year = 	 2012,
  series = 	 {SOAP '12},
  address = 	 {Beijing, China}}
