@Article{demsky13:_views,
  author = 		 {Brian Demsky and Patrick Lam},
  title = 		 {Views: Synthesizing Fine-Grained Concurrency Control},
  journal = 	 {ACM Transactions on Software Engineering Methodology},
  year = 		 2013,
  issue_date =   {February 2013},
  volume = 	     22,
  number = 	     1,
  articleno =    {4},
  numpages =     {33},
  pages = 	 	 {4:1--4:33},
  month = 	 	 {March},
  doi =          {10.1145/2430536.2430538},
  keywords =     {concurrency, language design, static verification},
  acmid =        2430538}


