@Article{eyolfsonar:_correl_buggin_time_based_commit_charac,
  author =  {Jon Eyolfson and Lin Tan and Patrick Lam},
  title =  {Correlations between Bugginess and Time-Based Commit Characteristics},
  journal =  {Empirical Software Engineering},
  year =  {2014},
  volume = {19},
  number = {4},
  month = {August},
  pages = {1009--1039}
 doi = {10.1007/s10664-013-9245-0}
}}