@InProceedings{
  author = 	 {Quinn Hanam and Lin Tan and Reid Holmes and Patrick Lam},
  title = 	 {Finding Patterns in Static Analysis Alerts: Improving Actionable Alert Ranking},
  booktitle = {Proceedings of the 11th Working Conference on Mining Software Repositories},
  pages = 	 {152--161},
  year = 	 2014,
  address = 	 {Hyderabad, India},
  month = 	 {May}}

