@InProceedings{
  author = 	 {Zheng (Felix) Fang and Patrick Lam},
  title = 	 {Identifying Test Refactoring Candidates with Assertion Fingerprints},
  booktitle = {Proceedings of the 2015 International Conference on the Principles and Practices of Programming in Java},
  pages = 	 {125--137},
  year = 	 2015,
  address = 	 {Melbourne, FL},
  month = 	 {Sep}}

