@InProceedings{eyolfson_et_al:LIPIcs:2016:6102,
  author ={Jon Eyolfson and Patrick Lam},
  title ={{C++ const and Immutability: An Empirical Study of Writes-Through-const}},
  booktitle ={30th European Conference on Object-Oriented Programming (ECOOP 2016)},
  pages ={8:1--8:25},
  series ={Leibniz International Proceedings in Informatics (LIPIcs)},
  ISBN ={978-3-95977-014-9},
  ISSN ={1868-8969},
  year ={2016},
  volume ={56},
  editor ={Shriram Krishnamurthi and Benjamin S. Lerner},
  publisher ={Schloss Dagstuhl--Leibniz-Zentrum fuer Informatik},
  address ={Dagstuhl, Germany},
  URL ={http://drops.dagstuhl.de/opus/volltexte/2016/6102},
  URN ={urn:nbn:de:0030-drops-61024},
  doi ={http://dx.doi.org/10.4230/LIPIcs.ECOOP.2016.8},
  annote ={Keywords: empirical study, dynamic analysis, immutability}
}