@inproceedings{Dan:2016:MAR:2983990.2984033,
 author = {Dan, Andrei Marian and Lam, Patrick and Hoefler, Torsten and Vechev, Martin},
 title = {Modeling and Analysis of Remote Memory Access Programming},
 booktitle = {Proceedings of the 2016 ACM SIGPLAN International Conference on Object-Oriented Programming, Systems, Languages, and Applications},
 series = {OOPSLA 2016},
 year = {2016},
 isbn = {978-1-4503-4444-9},
 location = {Amsterdam, Netherlands},
 pages = {129--144},
 numpages = {16},
 url = {http://doi.acm.org/10.1145/2983990.2984033},
 doi = {10.1145/2983990.2984033},
 acmid = {2984033},
 publisher = {ACM},
 address = {New York, NY, USA},
 keywords = {Memory Model},
} 