@inproceedings{eyolfson19:_how_c_devel_immut_declar,
 author = {Eyolfson, Jonathan and Lam, Patrick},
 title = {How C++ Developers use Immutability Declarations: an Empirical Study},
 booktitle = {Proceedings of the 41st ACM/IEEE International Conference on Software Engineering},
 series = {ICSE 2019},
 year = 2019,
 location = {Montreal, Canada},
 numpages = 11
} 