@inproceedings{ valleerai00optimizing,
    author = "Raja Vall\'ee-Rai and Etienne Gagnon and Laurie J. Hendren and Patrick Lam and Patrice Pominville and Vijay Sundaresan",
    title = "Optimizing {Java} Bytecode Using the {Soot} Framework: Is It Feasible?",
    booktitle = "Compiler Construction, 9th International Conference (CC 2000)",
    pages = "18--34",
    year = "2000",
    url = "www.sable.mcgill.ca/publications"
}
