@TechReport{LamKuncakRinard04SetInterfaces,
  author =       {Patrick Lam and Viktor Kuncak and Martin Rinard},
  title =        {On Modular Pluggable Analyses using Set Interfaces},
  institution =  {Massachusetts Institute of Technology, Computer Science and Artificial Intelligence Laboratory},
  year =         {2004},
  number =       {933},
  url =          {http://plam.csail.mit.edu/papers/OnModularPluggableAnalyses.ps}
}

