@InProceedings{KuncakETAL02RoleAnalysis,
  author =       {Viktor Kuncak and Patrick Lam and Martin Rinard},
  title =        {Role Analysis},
  booktitle =    {Proceedings of the 29th Annual ACM Symposium on Principles of Programming Languages},
  pages =        {17--32},
  year =         2002
}
