@Article{LamKuncakZeeRinard05Typestate,
  author =       {Patrick Lam and Viktor Kuncak and Karen Zee and Martin Rinard},
  title =        {Set Interfaces for Generalized Typestate and Data Structure Consistency Verification},
  journal =      {Submitted to Theoretical Computer Science},
  year =         {2005}
}

