@inproceedings{ sundaresan00practical,
    author = "Vijay Sundaresan and Laurie J. Hendren and Chrislain Razafimahefa and Raja Vall\'ee-Rai and Patrick Lam and Etienne Gagnon and Charles Godin",
    title = "Practical virtual method call resolution for Java",
    booktitle = "Conference on Object-Oriented Programming, Systems, Languages, and Applications (OOPSLA '00)",
    pages = "264--280",
    year = "2000",
    url = "www.sable.mcgill.ca/publications"
}
